@BOOK{nand2tetris,
    TITLE="The Elements of Computing Systems",
    SUBTITLE="Building a modern computer from first principles",
    AUTHOR="Noam Nisan and Shimon Schocken",
    PUBLISHER="{MIT Press}",
    YEAR=2008,
    ISBN="978-0-262-14087-4"}

@BOOK{sicp,
    TITLE="Structure and Interpretation of Computer Programs",
    AUTHOR="Harold Abelson and Gerald Jay Sussman and Julie Sussman",
    PUBLISHER="{MIT Press}",
    YEAR=1996,
    ISBN="978-0-262-51087-5"}

@BOOK{newton2006,
    TITLE="Introdução aos Fundamentos da Computação",
    SUBTITLE="Linguagens e Máquinas",
    AUTHOR="Newton José Vieira",
    PUBLISHER="{Cengage Learning}",
    ISBN="978-8522105083",
    YEAR=2006}